<record><leader>00000cas a22000007a 4500</leader><controlfield tag="001">9717071</controlfield><controlfield tag="008">830719d18271828mauwr ne      0    0eng d</controlfield><datafield ind1=" " ind2=" " tag="010"><subfield code="a">sn 83021023 </subfield></datafield><datafield ind1=" " ind2=" " tag="040"><subfield code="a">NPX</subfield><subfield code="b">eng</subfield><subfield code="c">NPX</subfield><subfield code="d">DLC</subfield><subfield code="d">MGN</subfield><subfield code="d">OCLCQ</subfield></datafield><datafield ind1=" " ind2=" " tag="042"><subfield code="a">msc</subfield></datafield><datafield ind1=" " ind2=" " tag="043"><subfield code="a">n-us-ma</subfield></datafield><datafield ind1="0" ind2="0" tag="050"><subfield code="a">Newspaper 8348</subfield></datafield><datafield ind1="0" ind2="0" tag="245"><subfield code="a">Old Hampshire post.</subfield></datafield><datafield ind1="1" ind2="3" tag="246"><subfield code="a">Christian freeman</subfield></datafield><datafield ind1="1" ind2="7" tag="246"><subfield code="a">Old Hampshire post and Christian freeman</subfield></datafield><datafield ind1=" " ind2=" " tag="260"><subfield code="a">Northampton, Mass. :</subfield><subfield code="b">Jonathan A. Saxton,</subfield><subfield code="c">-1828.</subfield></datafield><datafield ind1=" " ind2=" " tag="300"><subfield code="a">v. ;</subfield><subfield code="c">51 cm.</subfield></datafield><datafield ind1=" " ind2=" " tag="310"><subfield code="a">Weekly</subfield></datafield><datafield ind1="1" ind2=" " tag="362"><subfield code="a">Began Apr. 27, 1827.</subfield></datafield><datafield ind1="0" ind2=" " tag="362"><subfield code="a">-v. 3, no. 52 (Apr. 22, 1828) = -whole no. 156.</subfield></datafield><datafield ind1=" " ind2=" " tag="500"><subfield code="a">Editor: J.A. Saxton.</subfield></datafield><datafield ind1=" " ind2=" " tag="500"><subfield code="a">Printers: C.J.J. Ingersoll, May 1827-Oct. 1827; Z. Phelps, Nov, 1827-&lt;Jan. 1828&gt;.</subfield></datafield><datafield ind1=" " ind2=" " tag="515"><subfield code="a">Continues numbering of: Franklin post and Christian freeman.</subfield></datafield><datafield ind1=" " ind2=" " tag="588"><subfield code="a">Description based on: Vol. 3, no. 1 (May 1, 1827) = Whole no. 105.</subfield></datafield><datafield ind1="1" ind2=" " tag="700"><subfield code="a">Saxton, Jonathan Ashley,</subfield><subfield code="d">1795-1874.</subfield></datafield><datafield ind1=" " ind2=" " tag="752"><subfield code="a">United States</subfield><subfield code="b">Massachusetts</subfield><subfield code="c">Hampshire</subfield><subfield code="d">Northampton.</subfield></datafield><datafield ind1="0" ind2="0" tag="780"><subfield code="t">Franklin post &amp; Christian freeman</subfield><subfield code="w">(DLC)sn 83021074</subfield></datafield></record>